@INPROCEEDINGS{2014SPIE.9143E..0JC,
   author = {{Cropper}, M. and {Pottinger}, S. and {Niemi}, S.-M. and {Denniston}, J. and 
	{Cole}, R. and {Szafraniec}, M. and {Mellier}, Y. and {Berth{\'e}}, M. and 
	{Martignac}, J. and {Cara}, C. and {di Giorgio}, A.~M. and {Sciortino}, A. and 
	{Paltani}, S. and {Genolet}, L. and {Fourmand}, J.-J. and {Charra}, M. and 
	{Guttridge}, P. and {Winter}, B. and {Endicott}, J. and {Holland}, A. and 
	{Gow}, J. and {Murray}, N. and {Hall}, D. and {Amiaux}, J. and 
	{Laureijs}, R. and {Racca}, G. and {Salvignol}, J.-C. and {Short}, A. and 
	{Lorenzo Alvarez}, J. and {Kitching}, T. and {Hoekstra}, H. and 
	{Massey}, R.},
    title = "{VIS: the visible imager for Euclid}",
booktitle = {Society of Photo-Optical Instrumentation Engineers (SPIE) Conference Series},
     year = 2014,
   series = {Society of Photo-Optical Instrumentation Engineers (SPIE) Conference Series},
   volume = 9143,
    month = aug,
      eid = {91430J},
    pages = {0},
      doi = {10.1117/12.2055543},
   adsurl = {http://adsabs.harvard.edu/abs/2014SPIE.9143E..0JC},
  adsnote = {Provided by the SAO/NASA Astrophysics Data System}
}

@ARTICLE{2014AJ....147...93D,
   author = {{Do}, T. and {Wright}, S.~A. and {Barth}, A.~J. and {Barton}, E.~J. and 
	{Simard}, L. and {Larkin}, J.~E. and {Moore}, A.~M. and {Wang}, L. and 
	{Ellerbroek}, B.},
    title = "{Prospects for Measuring Supermassive Black Hole Masses with Future Extremely Large Telescopes}",
  journal = {\aj},
archivePrefix = "arXiv",
   eprint = {1401.7988},
 keywords = {galaxies: kinematics and dynamics, instrumentation: adaptive optics, instrumentation: spectrographs, techniques: imaging spectroscopy, telescopes},
     year = 2014,
    month = apr,
   volume = 147,
      eid = {93},
    pages = {93},
      doi = {10.1088/0004-6256/147/4/93},
   adsurl = {http://adsabs.harvard.edu/abs/2014AJ....147...93D},
  adsnote = {Provided by the SAO/NASA Astrophysics Data System}
}

@ARTICLE{2006SSRv..123..485G,
   author = {{Gardner}, J.~P. and {Mather}, J.~C. and {Clampin}, M. and {Doyon}, R. and 
	{Greenhouse}, M.~A. and {Hammel}, H.~B. and {Hutchings}, J.~B. and 
	{Jakobsen}, P. and {Lilly}, S.~J. and {Long}, K.~S. and {Lunine}, J.~I. and 
	{McCaughrean}, M.~J. and {Mountain}, M. and {Nella}, J. and 
	{Rieke}, G.~H. and {Rieke}, M.~J. and {Rix}, H.-W. and {Smith}, E.~P. and 
	{Sonneborn}, G. and {Stiavelli}, M. and {Stockman}, H.~S. and 
	{Windhorst}, R.~A. and {Wright}, G.~S.},
    title = "{The James Webb Space Telescope}",
  journal = {\ssr},
   eprint = {astro-ph/0606175},
 keywords = {galaxies: formation, infrared: general, planetary systems, space vehicles: instruments, stars: formation},
     year = 2006,
    month = apr,
   volume = 123,
    pages = {485-606},
      doi = {10.1007/s11214-006-8315-7},
   adsurl = {http://adsabs.harvard.edu/abs/2006SSRv..123..485G},
  adsnote = {Provided by the SAO/NASA Astrophysics Data System}
}

@ARTICLE{2012arXiv1208.4012G,
   author = {{Green}, J. and {Schechter}, P. and {Baltay}, C. and {Bean}, R. and 
	{Bennett}, D. and {Brown}, R. and {Conselice}, C. and {Donahue}, M. and 
	{Fan}, X. and {Gaudi}, B.~S. and {Hirata}, C. and {Kalirai}, J. and 
	{Lauer}, T. and {Nichol}, B. and {Padmanabhan}, N. and {Perlmutter}, S. and 
	{Rauscher}, B. and {Rhodes}, J. and {Roellig}, T. and {Stern}, D. and 
	{Sumi}, T. and {Tanner}, A. and {Wang}, Y. and {Weinberg}, D. and 
	{Wright}, E. and {Gehrels}, N. and {Sambruna}, R. and {Traub}, W. and 
	{Anderson}, J. and {Cook}, K. and {Garnavich}, P. and {Hillenbrand}, L. and 
	{Ivezic}, Z. and {Kerins}, E. and {Lunine}, J. and {McDonald}, P. and 
	{Penny}, M. and {Phillips}, M. and {Rieke}, G. and {Riess}, A. and 
	{van der Marel}, R. and {Barry}, R.~K. and {Cheng}, E. and {Content}, D. and 
	{Cutri}, R. and {Goullioud}, R. and {Grady}, K. and {Helou}, G. and 
	{Jackson}, C. and {Kruk}, J. and {Melton}, M. and {Peddie}, C. and 
	{Rioux}, N. and {Seiffert}, M.},
    title = "{Wide-Field InfraRed Survey Telescope (WFIRST) Final Report}",
  journal = {ArXiv e-prints},
archivePrefix = "arXiv",
   eprint = {1208.4012},
 primaryClass = "astro-ph.IM",
 keywords = {Astrophysics - Instrumentation and Methods for Astrophysics},
     year = 2012,
    month = aug,
   adsurl = {http://adsabs.harvard.edu/abs/2012arXiv1208.4012G},
  adsnote = {Provided by the SAO/NASA Astrophysics Data System}
}

@ARTICLE{2008arXiv0805.2366I,
   author = {{Ivezic}, Z. and {Tyson}, J.~A. and {Abel}, B. and {Acosta}, E. and 
	{Allsman}, R. and {AlSayyad}, Y. and {Anderson}, S.~F. and {Andrew}, J. and 
	{Angel}, R. and {Angeli}, G. and {Ansari}, R. and {Antilogus}, P. and 
	{Arndt}, K.~T. and {Astier}, P. and {Aubourg}, E. and {Axelrod}, T. and 
	{Bard}, D.~J. and {Barr}, J.~D. and {Barrau}, A. and {Bartlett}, J.~G. and 
	{Bauman}, B.~J. and {Beaumont}, S. and {Becker}, A.~C. and {Becla}, J. and 
	{Beldica}, C. and {Bellavia}, S. and {Blanc}, G. and {Blandford}, R.~D. and 
	{Bloom}, J.~S. and {Bogart}, J. and {Borne}, K. and {Bosch}, J.~F. and 
	{Boutigny}, D. and {Brandt}, W.~N. and {Brown}, M.~E. and {Bullock}, J.~S. and 
	{Burchat}, P. and {Burke}, D.~L. and {Cagnoli}, G. and {Calabrese}, D. and 
	{Chandrasekharan}, S. and {Chesley}, S. and {Cheu}, E.~C. and 
	{Chiang}, J. and {Claver}, C.~F. and {Connolly}, A.~J. and {Cook}, K.~H. and 
	{Cooray}, A. and {Covey}, K.~R. and {Cribbs}, C. and {Cui}, W. and 
	{Cutri}, R. and {Daubard}, G. and {Daues}, G. and {Delgado}, F. and 
	{Digel}, S. and {Doherty}, P. and {Dubois}, R. and {Dubois-Felsmann}, G.~P. and 
	{Durech}, J. and {Eracleous}, M. and {Ferguson}, H. and {Frank}, J. and 
	{Freemon}, M. and {Gangler}, E. and {Gawiser}, E. and {Geary}, J.~C. and 
	{Gee}, P. and {Geha}, M. and {Gibson}, R.~R. and {Gilmore}, D.~K. and 
	{Glanzman}, T. and {Goodenow}, I. and {Gressler}, W.~J. and 
	{Gris}, P. and {Guyonnet}, A. and {Hascall}, P.~A. and {Haupt}, J. and 
	{Hernandez}, F. and {Hogan}, C. and {Huang}, D. and {Huffer}, M.~E. and 
	{Innes}, W.~R. and {Jacoby}, S.~H. and {Jain}, B. and {Jee}, J. and 
	{Jernigan}, J.~G. and {Jevremovic}, D. and {Johns}, K. and {Jones}, R.~L. and 
	{Juramy-Gilles}, C. and {Juric}, M. and {Kahn}, S.~M. and {Kalirai}, J.~S. and 
	{Kallivayalil}, N. and {Kalmbach}, B. and {Kantor}, J.~P. and 
	{Kasliwal}, M.~M. and {Kessler}, R. and {Kirkby}, D. and {Knox}, L. and 
	{Kotov}, I. and {Krabbendam}, V.~L. and {Krughoff}, S. and {Kubanek}, P. and 
	{Kuczewski}, J. and {Kulkarni}, S. and {Lambert}, R. and {Le Guillou}, L. and 
	{Levine}, D. and {Liang}, M. and {Lim}, K. and {Lintott}, C. and 
	{Lupton}, R.~H. and {Mahabal}, A. and {Marshall}, P. and {Marshall}, S. and 
	{May}, M. and {McKercher}, R. and {Migliore}, M. and {Miller}, M. and 
	{Mills}, D.~J. and {Monet}, D.~G. and {Moniez}, M. and {Neill}, D.~R. and 
	{Nief}, J. and {Nomerotski}, A. and {Nordby}, M. and {O'Connor}, P. and 
	{Oliver}, J. and {Olivier}, S.~S. and {Olsen}, K. and {Ortiz}, S. and 
	{Owen}, R.~E. and {Pain}, R. and {Peterson}, J.~R. and {Petry}, C.~E. and 
	{Pierfederici}, F. and {Pietrowicz}, S. and {Pike}, R. and {Pinto}, P.~A. and 
	{Plante}, R. and {Plate}, S. and {Price}, P.~A. and {Prouza}, M. and 
	{Radeka}, V. and {Rajagopal}, J. and {Rasmussen}, A. and {Regnault}, N. and 
	{Ridgway}, S.~T. and {Ritz}, S. and {Rosing}, W. and {Roucelle}, C. and 
	{Rumore}, M.~R. and {Russo}, S. and {Saha}, A. and {Sassolas}, B. and 
	{Schalk}, T.~L. and {Schindler}, R.~H. and {Schneider}, D.~P. and 
	{Schumacher}, G. and {Sebag}, J. and {Sembroski}, G.~H. and 
	{Seppala}, L.~G. and {Shipsey}, I. and {Silvestri}, N. and {Smith}, J.~A. and 
	{Smith}, R.~C. and {Strauss}, M.~A. and {Stubbs}, C.~W. and 
	{Sweeney}, D. and {Szalay}, A. and {Takacs}, P. and {Thaler}, J.~J. and 
	{Van Berg}, R. and {Vanden Berk}, D. and {Vetter}, K. and {Virieux}, F. and 
	{Xin}, B. and {Walkowicz}, L. and {Walter}, C.~W. and {Wang}, D.~L. and 
	{Warner}, M. and {Willman}, B. and {Wittman}, D. and {Wolff}, S.~C. and 
	{Wood-Vasey}, W.~M. and {Yoachim}, P. and {Zhan}, H. and {for the LSST Collaboration}
	},
    title = "{LSST: from Science Drivers to Reference Design and Anticipated Data Products}",
  journal = {ArXiv e-prints},
archivePrefix = "arXiv",
   eprint = {0805.2366},
 keywords = {Astrophysics},
     year = 2008,
    month = may,
   adsurl = {http://adsabs.harvard.edu/abs/2008arXiv0805.2366I},
  adsnote = {Provided by the SAO/NASA Astrophysics Data System}
}

@INPROCEEDINGS{2010SPIE.7735E..29L,
   author = {{Larkin}, J.~E. and {Moore}, A.~M. and {Barton}, E.~J. and {Bauman}, B. and 
	{Bui}, K. and {Canfield}, J. and {Crampton}, D. and {Delacroix}, A. and 
	{Fletcher}, M. and {Hale}, D. and {Loop}, D. and {Niehaus}, C. and 
	{Phillips}, A.~C. and {Reshetov}, V. and {Simard}, L. and {Smith}, R. and 
	{Suzuki}, R. and {Usuda}, T. and {Wright}, S.~A.},
    title = "{The infrared imaging spectrograph (IRIS) for TMT: instrument overview}",
booktitle = {Society of Photo-Optical Instrumentation Engineers (SPIE) Conference Series},
     year = 2010,
   series = {Society of Photo-Optical Instrumentation Engineers (SPIE) Conference Series},
   volume = 7735,
archivePrefix = "arXiv",
   eprint = {1007.1973},
 primaryClass = "astro-ph.IM",
    month = jul,
      eid = {773529},
    pages = {29},
      doi = {10.1117/12.856305},
   adsurl = {http://adsabs.harvard.edu/abs/2010SPIE.7735E..29L},
  adsnote = {Provided by the SAO/NASA Astrophysics Data System}
}

@ARTICLE{2011arXiv1110.3193L,
   author = {{Laureijs}, R. and {Amiaux}, J. and {Arduini}, S. and {Augu{\`e}res}, J.~-. and 
	{Brinchmann}, J. and {Cole}, R. and {Cropper}, M. and {Dabin}, C. and 
	{Duvet}, L. and {Ealet}, A. and et al.},
    title = "{Euclid Definition Study Report}",
  journal = {ArXiv e-prints},
archivePrefix = "arXiv",
   eprint = {1110.3193},
 primaryClass = "astro-ph.CO",
 keywords = {Astrophysics - Cosmology and Extragalactic Astrophysics, Astrophysics - Galaxy Astrophysics},
     year = 2011,
    month = oct,
   adsurl = {http://adsabs.harvard.edu/abs/2011arXiv1110.3193L},
  adsnote = {Provided by the SAO/NASA Astrophysics Data System}
}

@ARTICLE{2007ApJ...671.1196M,
   author = {{Marshall}, P.~J. and {Treu}, T. and {Melbourne}, J. and {Gavazzi}, R. and 
	{Bundy}, K. and {Ammons}, S.~M. and {Bolton}, A.~S. and {Burles}, S. and 
	{Larkin}, J.~E. and {Le Mignant}, D. and {Koo}, D.~C. and {Koopmans}, L.~V.~E. and 
	{Max}, C.~E. and {Moustakas}, L.~A. and {Steinbring}, E. and 
	{Wright}, S.~A.},
    title = "{Superresolving Distant Galaxies with Gravitational Telescopes: Keck Laser Guide Star Adaptive Optics and Hubble Space Telescope Imaging of the Lens System SDSS J0737+3216}",
  journal = {\apj},
archivePrefix = "arXiv",
   eprint = {0710.0637},
 keywords = {Galaxies: Fundamental Parameters, Cosmology: Gravitational Lensing, Instrumentation: Adaptive Optics, Methods: Data Analysis, Techniques: High Anular Resolution},
     year = 2007,
    month = dec,
   volume = 671,
    pages = {1196-1211},
      doi = {10.1086/523091},
   adsurl = {http://adsabs.harvard.edu/abs/2007ApJ...671.1196M},
  adsnote = {Provided by the SAO/NASA Astrophysics Data System}
}

@ARTICLE{2013MNRAS.434....2P,
   author = {{Penny}, M.~T. and {Kerins}, E. and {Rattenbury}, N. and {Beaulieu}, J.-P. and 
	{Robin}, A.~C. and {Mao}, S. and {Batista}, V. and {Calchi Novati}, S. and 
	{Cassan}, A. and {Fouqu{\'e}}, P. and {McDonald}, I. and {Marquette}, J.~B. and 
	{Tisserand}, P. and {Zapatero Osorio}, M.~R.},
    title = "{ExELS: an exoplanet legacy science proposal for the ESA Euclid mission - I. Cold exoplanets}",
  journal = {\mnras},
archivePrefix = "arXiv",
   eprint = {1206.5296},
 primaryClass = "astro-ph.EP",
 keywords = {gravitational lensing: micro, planets and satellites: detection, stars: low-mass, planetary systems, Galaxy: bulge},
     year = 2013,
    month = sep,
   volume = 434,
    pages = {2-22},
      doi = {10.1093/mnras/stt927},
   adsurl = {http://adsabs.harvard.edu/abs/2013MNRAS.434....2P},
  adsnote = {Provided by the SAO/NASA Astrophysics Data System}
}

@INPROCEEDINGS{2010SPIE.7731E..1KS,
   author = {{Schweitzer}, M. and {Bender}, R. and {Katterloher}, R. and 
	{Eisenhauer}, F. and {Hofmann}, R. and {Saglia}, R. and {Holmes}, R. and 
	{Krause}, O. and {Rix}, H.-W. and {Booth}, J. and {Fagrelius}, P. and 
	{Rhodes}, J. and {Seshadri}, S. and {Refregier}, A. and {Amiaux}, J. and 
	{Augueres}, J.-L. and {Boulade}, O. and {Cara}, C. and {Amara}, A. and 
	{Lilly}, S. and {Atad-Ettedgui}, E. and {di Giorgio}, A.-M. and 
	{Duvet}, L. and {Kuehl}, C. and {Syed}, M.},
    title = "{NIP: the near infrared imaging photometer for Euclid}",
booktitle = {Society of Photo-Optical Instrumentation Engineers (SPIE) Conference Series},
     year = 2010,
   series = {Society of Photo-Optical Instrumentation Engineers (SPIE) Conference Series},
   volume = 7731,
    month = jul,
      eid = {77311K},
    pages = {1},
      doi = {10.1117/12.857031},
   adsurl = {http://adsabs.harvard.edu/abs/2010SPIE.7731E..1KS},
  adsnote = {Provided by the SAO/NASA Astrophysics Data System}
}

@ARTICLE{2009ApJ...691..277S,
   author = {{Suyu}, S.~H. and {Marshall}, P.~J. and {Blandford}, R.~D. and 
	{Fassnacht}, C.~D. and {Koopmans}, L.~V.~E. and {McKean}, J.~P. and 
	{Treu}, T.},
    title = "{Dissecting the Gravitational Lens B1608+656. I. Lens Potential Reconstruction}",
  journal = {\apj},
archivePrefix = "arXiv",
   eprint = {0804.2827},
 keywords = {black hole physics, galaxies: nuclei, gravitational waves, relativity},
     year = 2009,
    month = jan,
   volume = 691,
    pages = {277-298},
      doi = {10.1088/0004-637X/691/1/277},
   adsurl = {http://adsabs.harvard.edu/abs/2009ApJ...691..277S},
  adsnote = {Provided by the SAO/NASA Astrophysics Data System}
}

@INPROCEEDINGS{2010SPIE.7736E..0KW,
   author = {{Wizinowich}, P. and {Adkins}, S. and {Dekany}, R. and {Gavel}, D. and 
	{Max}, C. and {Bartos}, R. and {Bell}, J. and {Bouchez}, A. and 
	{Chin}, J. and {Conrad}, A. and {Delacroix}, A. and {Johansson}, E. and 
	{Kupke}, R. and {Lockwood}, C. and {Lyke}, J. and {Marchis}, F. and 
	{McGrath}, E. and {Medeiros}, D. and {Morris}, M. and {Morrison}, D. and 
	{Neyman}, C. and {Panteleev}, S. and {Pollard}, M. and {Reinig}, M. and 
	{Stalcup}, T. and {Thomas}, S. and {Troy}, M. and {Tsubota}, K. and 
	{Velur}, V. and {Wallace}, K. and {Wetherell}, E.},
    title = "{W. M. Keck Observatory's next-generation adaptive optics facility}",
booktitle = {Society of Photo-Optical Instrumentation Engineers (SPIE) Conference Series},
     year = 2010,
   series = {Society of Photo-Optical Instrumentation Engineers (SPIE) Conference Series},
   volume = 7736,
    month = jul,
      eid = {77360K},
    pages = {0},
      doi = {10.1117/12.857628},
   adsurl = {http://adsabs.harvard.edu/abs/2010SPIE.7736E..0KW},
  adsnote = {Provided by the SAO/NASA Astrophysics Data System}
}